@Misc{Google,
author = {Google Inc.},
title = {Google Code Search},
note = {\url{http://www.google.com/codesearch}},
}

@Misc{OpenGrok,
author = {Sun Micrososystems},
title = {OpenGrok},
note = {\url{http://opensolaris.org/os/project/opengrok/}},
}

@Misc{GNU,
title = {GNU Operating System},
note = {\url{http://www.gnu.org/}},
author = {The GNU Foundation and Contributors},
}

@Misc{BNF,
title = {What is BNF notation?},
note = {\url{http://www.cui.unige.ch/db-research/Enseignement/analyseinfo/AboutBNF.html}},
author = {Th. Estier},
}

@Misc{InfoRet,
title = {Introduction to Information Retrieval},
note = {\url{http://www-csli.stanford.edu/~hinrich/information-retrieval-book.html}},
author = {Christoper Manning, Prabhakar Raghavan, Hinrich Sch√ºtze},
}

@Misc{Django,
title = {Django Web Framework},
note = {\url{http://www.djangoproject.com/}},
author = {Django Software Foundation},
}
